<?xml version="1.0" encoding="UTF-8"?><record xmlns="http://www.loc.gov/MARC21/slim" xmlns:cinclude="http://apache.org/cocoon/include/1.0" xmlns:zs="http://www.loc.gov/zing/srw/">
  <leader>00404nz  a2200121n  4500</leader>
  <controlfield tag="001">n  85261881 </controlfield>
  <controlfield tag="003">DLC</controlfield>
  <controlfield tag="005">19860909065534.8</controlfield>
  <controlfield tag="008">860801n| acannaab|          |n aaa ||| c</controlfield>
  <datafield tag="010" ind1=" " ind2=" ">
    <subfield code="a">n  85261881 </subfield>
  </datafield>
  <datafield tag="040" ind1=" " ind2=" ">
    <subfield code="a">MH</subfield>
    <subfield code="c">DLC</subfield>
  </datafield>
  <datafield tag="110" ind1="2" ind2="0">
    <subfield code="a">Baltischer Christlicher Studentenbund (Bonn, Germany)</subfield>
  </datafield>
  <datafield tag="670" ind1=" " ind2=" ">
    <subfield code="a">Baltisches Jahrbuch (Bonn, Germany). Baltisches Jahrbuch, 1984:</subfield>
    <subfield code="b">t.p. (Baltischer Christlicher Studentenband; Bonn)</subfield>
  </datafield>
</record>